@Book{wickham_devtools:_2017,
  title = {Devtools: {{Tools}} to {{Make Developing R Packages Easier}}},
  url = {https://CRAN.R-project.org/package=devtools},
  timestamp = {2017-07-26T19:21:02Z},
  author = {Hadley Wickham and Winston Chang},
  date = {2017},
}
@Software{allaire_rmarkdown:_2016,
  title = {Rmarkdown: {{Dynamic Documents}} for {{R}}},
  rights = {GPL-3},
  url = {https://cran.r-project.org/web/packages/rmarkdown/index.html},
  shorttitle = {Rmarkdown},
  version = {1.3},
  timestamp = {2017-05-18T23:44:05Z},
  author = {J. J. Allaire and Joe Cheng and Yihui Xie and Jonathan McPherson and Winston Chang and Jeff Allen and Hadley Wickham and Rob Hyndman},
  urldate = {2017-02-10},
  date = {2016-12-21},
}
@Book{wickham_roxygen2:_2017,
  title = {Roxygen2: {{In}}-{{Line Documentation}} for {{R}}},
  url = {https://CRAN.R-project.org/package=roxygen2},
  timestamp = {2017-07-26T19:48:54Z},
  author = {Hadley Wickham and Peter Danenberg and Manuel Eugster},
  date = {2017},
}
@Article{vuorre_curating_2017,
  title = {Curating {{Research Assets}} in {{Behavioral Sciences}}: {{A Tutorial}} on the {{Git Version Control System}}},
  doi = {10.17605/OSF.IO/TXGN8},
  timestamp = {2017-06-30T19:55:44Z},
  journaltitle = {PsyArXiv Preprints},
  author = {Matti Vuorre and James P. Curley},
  date = {2017-06-30},
}
@Book{wickham_r_2015,
  title = {R {{Packages}}: {{Organize}}, {{Test}}, {{Document}}, and {{Share Your Code}}},
  isbn = {978-1-4919-1054-2},
  url = {http://r-pkgs.had.co.nz/},
  shorttitle = {R {{Packages}}},
  pagetotal = {275},
  timestamp = {2017-07-26T20:32:39Z},
  langid = {english},
  publisher = {{"O'Reilly Media, Inc."}},
  author = {Hadley Wickham},
  date = {2015-03-26},
}
@Book{wickham_pkgdown:_2017,
  title = {Pkgdown: {{Make Static HTML Documentation}} for a {{Package}}},
  url = {https://github.com/hadley/pkgdown},
  timestamp = {2017-07-26T20:36:25Z},
  author = {Hadley Wickham},
  date = {2017},
}
@Article{Munafomanifestoreproduciblescience2017,
  langid = {english},
  title = {A Manifesto for Reproducible Science},
  volume = {1},
  rights = {Â© 2017 Macmillan Publishers Limited, part of Springer Nature. All rights reserved.},
  issn = {2397-3374},
  doi = {10.1038/s41562-016-0021},
  journaltitle = {Nature Human Behaviour},
  author = {Marcus R. Munaf{\a`o} and Brian A. Nosek and Dorothy V. M. Bishop and Katherine S. Button and Christopher D. Chambers and Nathalie Percie {du Sert} and Uri Simonsohn and Eric-Jan Wagenmakers and Jennifer J. Ware and John P. A. Ioannidis},
  urldate = {2017-05-29},
  date = {2017-01-10},
  pages = {0021},
  note = {00036},
}
@Book{KitzesPracticeReproducibleResearch2017,
  langid = {english},
  title = {The {{Practice}} of {{Reproducible Research}}: {{Case Studies}} and {{Lessons}} from the {{Data}}-{{Intensive Sciences}}},
  isbn = {978-0-520-29475-2},
  url = {https://www.practicereproducibleresearch.org/},
  shorttitle = {The {{Practice}} of {{Reproducible Research}}},
  pagetotal = {264},
  publisher = {{University of California Press}},
  author = {Justin Kitzes and Daniel Turek and Fatma Deniz},
  date = {2017-11-29},
  keywords = {Science / Physics / General,Science / Earth Sciences / General},
  note = {00000},
}
@Article{gorgolewski_brain_2016,
  langid = {english},
  title = {The Brain Imaging Data Structure, a Format for Organizing and Describing Outputs of Neuroimaging Experiments},
  volume = {3},
  rights = {2016 Nature Publishing Group},
  issn = {2052-4463},
  doi = {10.1038/sdata.2016.44},
  journaltitle = {Scientific Data},
  author = {Krzysztof J. Gorgolewski and Tibor Auer and Vince D. Calhoun and R. Cameron Craddock and Samir Das and Eugene P. Duff and Guillaume Flandin and Satrajit S. Ghosh and Tristan Glatard and Yaroslav O. Halchenko and Daniel A. Handwerker and Michael Hanke and David Keator and Xiangrui Li and Zachary Michael and Camille Maumet and B. Nolan Nichols and Thomas E. Nichols and John Pellman and Jean-Baptiste Poline and Ariel Rokem and Gunnar Schaefer and Vanessa Sochat and William Triplett and Jessica A. Turner and Ga{\"e}l Varoquaux and Russell A. Poldrack},
  urldate = {2017-12-13},
  date = {2016-06-21},
  pages = {160044},
}
@Software{RCoreTeamLanguageEnvironmentStatistical2017,
  location = {{Vienna, Austria}},
  title = {R: {{A Language}} and {{Environment}} for {{Statistical Computing}}},
  url = {https://www.R-project.org/},
  publisher = {{R Foundation for Statistical Computing}},
  author = {{R Core Team}},
  date = {2017},
  note = {00013},
}
@Article{yee_why_2017,
  title = {Why {{You Should Become}} a {{UseR}}: {{A Brief Introduction}} to {{R}}},
  volume = {30},
  url = {https://www.psychologicalscience.org/observer/why-you-should-become-a-user-a-brief-introduction-to-r},
  shorttitle = {Why {{You Should Become}} a {{UseR}}},
  number = {3},
  journaltitle = {APS Observer},
  author = {Sara J. Weston Yee and {Debbie}},
  urldate = {2017-12-13},
  date = {2017-02-28},
}
@Software{RStudioTeamRStudioIntegratedDevelopment2016,
  location = {{Boston, MA}},
  title = {{{RStudio}}: {{Integrated Development Environment}} for {{R}}},
  url = {http://www.rstudio.com/},
  publisher = {{RStudio, Inc.}},
  author = {{RStudio Team}},
  date = {2016},
  note = {00000},
}
